<?xml version="1.0" encoding="UTF-8"?><collection xmlns="http://www.loc.gov/MARC21/slim"><record><leader>00487nam--2200169-i-4500</leader><controlfield tag="001">000030950</controlfield><controlfield tag="002">20161230</controlfield><controlfield tag="005">20161230201038</controlfield><controlfield tag="008">060222s1000------------r-----000-0-eng-d</controlfield><datafield ind1=" " ind2=" " tag="040"><subfield code="a">IFIN-HH</subfield></datafield><datafield ind1=" " ind2=" " tag="080"><subfield code="a">808.2(075.3):801.5(075.3)</subfield></datafield><datafield ind1="1" ind2=" " tag="100"><subfield code="a">Vinokurova, L.P</subfield></datafield><datafield ind1="1" ind2="0" tag="245"><subfield code="a">Gramatika angliiskogo iazika</subfield><subfield code="b">Posobie dlia ucitelei srednei skoli</subfield><subfield code="c">L.p. vinokurova</subfield></datafield><datafield ind1=" " ind2=" " tag="260"><subfield code="a">Leningrad</subfield><subfield code="b">Leningradskoe Otdelenie</subfield><subfield code="c">1954</subfield></datafield><datafield ind1=" " ind2=" " tag="300"><subfield code="a">343P</subfield></datafield><datafield ind1=" " ind2=" " tag="852"><subfield code="a">41866</subfield><subfield code="c">4</subfield></datafield><datafield ind1=" " ind2=" " tag="CAT"><subfield code="a">Sys</subfield><subfield code="c">20130205</subfield><subfield code="h">130052</subfield></datafield></record></collection>